<?xml version="1.0" encoding="UTF-8"?><collection xmlns="http://www.loc.gov/MARC21/slim"><record><leader>00390nam--2200133-i-4500</leader><controlfield tag="001">000008704</controlfield><controlfield tag="002">20161230</controlfield><controlfield tag="005">20161230201027</controlfield><controlfield tag="008">060222s1000------------r-----000-0-eng-d</controlfield><datafield ind1=" " ind2=" " tag="100"><subfield code="a">Dixon, Jean P</subfield></datafield><datafield ind1=" " ind2=" " tag="245"><subfield code="a">Modern methods in organic microanalysis</subfield></datafield><datafield ind1=" " ind2=" " tag="260"><subfield code="a">Princetion, N.J., D.Van Nostrand Co.Ltd., 1968</subfield></datafield><datafield ind1=" " ind2=" " tag="490"><subfield code="a">The Van Nostrand Series In Analytical Chemistry</subfield></datafield><datafield ind1=" " ind2=" " tag="852"><subfield code="a">543.063:547</subfield></datafield></record></collection>